2348 4966
11 37 434 133 mmrjtmejernprrmu
441 38 500 89 M.
513 39 669 87 Laetum.
699 39 818 90 eodem
826 46 920 97 mnu.

29 186 189 257 M.T.C.
213 184 424 257 P.SILIO
459 182 664 253 PROPR.
695 184 822 253 S.P.D.

12 322 71 391 On
83 317 277 416 putavifieri
294 316 381 415 polle
397 342 433 387 ur
448 318 528 388 mihi
548 318 647 387 rerba
662 314 816 387 deellent:
842 316 949 393 sedra-

15 445 92 489 men
101 422 137 489 in
147 423 188 491 C.
199 422 326 490 Laenio
336 418 599 489 commendando
609 414 733 487 desunt.
760 423 953 514 ltaquetrm

11 540 151 613 reponam
160 519 272 615 paucis
282 518 409 603 verbis,
434 514 488 585 sed
496 538 604 589 tamen
616 540 654 589 ut
672 518 767 613 plane
777 516 956 615 perspicere

10 618 228 691 tvuluntatem
239 644 357 691 meam.
393 615 591 689 Incredibile
606 614 651 687 est
665 620 781 711 quanti
798 615 956 695 faciamus

10 712 955 817 >&fratermeus,quimihicarillimusest,M.Laeniuni.

16 840 93 889 cum
110 820 257 914 plurimis
273 824 343 909 ejus
359 814 497 903 officiis,
523 840 593 887 tum
610 818 735 887 lamma
744 818 955 915 probitate&

10 918 67 986 lari
77 918 238 991 modestia.
257 921 344 989 Eum
353 944 504 1015 egoame
512 916 854 1005 invitiffimusdimisr‚
873 944 952 996 cum

10 1041 48 1087 er
62 1012 313 1091 familiaritatem
329 1016 625 1089 &consuetudinis
642 1018 850 1104 luaviratem,
879 1042 953 1095 tum

13 1114 368 1207 consilioejusfideliac
384 1118 477 1189 bono
493 1116 636 1187 libenter
650 1118 775 1191 utebar.
818 1118 881 1191 Sed
897 1148 955 1194 ve·

10 1222 105 1305 tejam
121 1212 476 1315 mihisuperesseverba
490 1242 604 1316 putes,
630 1244 714 1317 quae
732 1220 876 1291 dixeram
894 1222 954 1293 de·

10 1346 27 1389 ι.
55 1320 270 1391 Commendo
285 1318 349 1389 tibi
364 1318 553 1405 hominem,
579 1318 660 1389 sicut
670 1322 848 1419 intelligis,
876 1348 950 1407 me,

9 1414 377 1517 >easupraseripserim,
403 1418 769 1493 deberecommendare.
800 1426 833 1493 A
850 1444 950 1523 teque

10 1540 114 1591 tentet
125 1524 222 1592 etiam
231 1543 331 1617 atque
340 1523 438 1591 etiam
447 1542 545 1617 peto,
564 1544 618 1599 ut,
641 1520 838 1617 quodhabet
849 1524 883 1591 in
894 1546 951 1597 tua

9 1622 77 1691 acia
87 1624 236 1719 negotii,
267 1620 434 1717 expedias:
461 1618 555 1717 quod
570 1617 632 1688 tibi
649 1620 816 1689 videbitur
826 1624 951 1693 redlum

9 1718 169 1813 psudicas.
199 1714 612 1802 Hominemfacillimum,
627 1717 953 1815 liberaliffimumque

9 1814 100 1887 usses.
136 1826 250 1916 ltaque
266 1841 298 1891 te
313 1844 399 1917 rogo
408 1872 419 1907 ,
450 1840 487 1890 ut
502 1844 580 1891 eum
596 1814 765 1905 solutum,
791 1818 952 1903 liberum,

12 1916 71 1983 eus
81 1922 148 2004 ejus
159 1919 363 2017 negotiispet
373 1942 423 2005 te,
455 1917 820 2017 quamprimumadme
835 1920 951 1993 temit-

10 2014 35 2085 ‘d
45 2012 128 2085 mihi
136 2015 289 2117 fratrique
298 2018 594 2115 meogratillunum
603 2014 730 2090 feceris.

92 2214 558 2289 EPISTOLA
620 2218 775 2291 LXIV.
