2348 4966
509 17 585 31 ..a-u
603 7 689 45 unu,
773 0 781 20 Ι
855 16 859 29 ι

202 62 318 135 rabilia
332 45 388 133 tria
403 54 478 131 sunt
491 62 527 129 in
547 84 603 129 me
614 54 742 141 officia,
776 56 862 131 donn

201 164 314 251 bana,
349 160 583 259 provincialia,
616 160 653 229 in
671 184 705 229 re
719 158 862 254 privata,

202 265 287 349 diis,
313 264 348 332 in
364 262 482 331 litteris
497 256 627 329 nostris.
673 260 800 329 Omnia
815 260 868 329 vic

202 364 348 437 validum
362 360 487 433 videro.
512 361 586 457 Ego
598 358 872 456 putotebelliffim

202 460 370 561 quaestore
388 458 551 532 Mescinio
567 458 786 537 decursurum.
812 484 875 529 nor.

202 590 289 659 qne,
318 584 355 631 ut
368 562 451 632 mihi
468 556 553 631 visus
572 558 634 646 est,
663 560 800 659 diligit,
827 566 861 631 δι

202 660 447 761 diligentissime
463 662 682 743 consulueris,
706 684 797 745 tum,
824 662 871 731 mi

202 764 376 863 rigationi.
403 764 506 833 Nulla
523 764 557 831 in
575 785 608 832 re
623 766 686 847 jam
702 784 734 831 tc
749 758 884 833 festinat·

202 862 264 935 nili
285 886 320 932 ut
338 861 439 932 salvus
450 858 497 929 lis.
527 864 578 931 Sic
590 860 708 931 habeto
717 914 729 947 ,
755 864 888 931 miTirr

204 984 379 1045 meamet,
400 964 482 1057 quin
500 962 586 1033 idem
598 984 628 1029 te
646 982 750 1031 amet:
778 968 811 1029 &
823 986 890 1031 eun

204 1058 337 1133 interest
363 1084 395 1133 te
413 1062 533 1149 valere,
564 1084 636 1131 tum
656 1062 767 1133 multis
785 1059 829 1131 est
848 1086 894 1131 eur

202 1162 287 1235 milri
304 1162 397 1233 nullo
407 1164 484 1231 loeo
496 1160 594 1233 aleelle
604 1164 652 1233 vis
660 1216 671 1247 ‚
696 1185 898 1259 nunquamta

204 1259 255 1331 lii.
296 1288 385 1331 nunc
403 1284 433 1331 te
453 1262 534 1331 nihil
554 1262 707 1357 impedit:
734 1264 847 1331 omnia
865 1262 901 1335 de

203 1366 248 1432 vi.
290 1382 444 1457 quantam
462 1360 666 1455 diligentiam
687 1362 721 1430 in
740 1364 903 1434 valetudin

202 1460 269 1549 ris,
294 1462 376 1529 tanti
393 1484 446 1529 me
464 1458 535 1530 fieri
550 1460 715 1551 judicabo.
755 1464 858 1549 Vale,
884 1488 903 1535 n

236 1702 456 1765 Quddixifirdarrr
465 1708 550 1755 medica.
572 1708 613 1771 ipfi
620 1720 706 1775 praru·
740 1708 810 1773 ipliur
825 1708 903 1776 intellip

201 1768 276 1831 liquid
282 1770 432 1835 dandumeffi}
453 1776 506 1821 Hac
518 1770 586 1822 verba
600 1774 705 1837 (uilil'al-
741 1774 785 1823 inu
798 1774 827 1822 ad
843 1780 903 1826 Mari

201 1834 252 1887 lorl
275 1849 393 1899 perperam
407 1836 515 1886 distineri
530 1836 602 1885 sune:
623 1842 663 1895 δι,
680 1854 704 1887 ur
719 1839 723 1854 '
744 1842 811 1888 cmii
825 1838 854 1887 ad
869 1842 903 1891 cl

201 1898 315 1947 arbitror,
333 1901 365 1949 ira
380 1902 512 1965 inrerpunpi
525 1902 626 1953 debent,
649 1908 705 1966 quaa
739 1906 779 1953 ille
804 1920 839 1952 ηο
854 1904 903 1955 salu

202 1964 722 2031 dixi-,scuriammedicorpjipuraadqniddan-1
740 1922 853 2023 samaim,
878 1970 903 2019 ol

201 2028 254 2073 dum
270 2028 313 2085 effe.
330 2041 356 2075 ut
363 2032 485 2079 certiorem
496 2030 656 2081 faeiarcieero
663 2034 703 2081 Ti·
739 2050 764 2083 re
775 2036 900 2091 amicitia,

201 2106 287 2139 renem
301 2091 323 2139 le
337 2088 367 2141 ad
383 2096 484 2143 curiam
497 2092 619 2157 staplilli,
642 2111 668 2145 ut
682 2099 704 2145 ei
740 2098 801 2147 arlle
813 2114 902 2146 eom-en

200 2155 265 2225 darer
278 2172 457 2206 numerarem...
